% ********** Bibliografia **********

% ***********************************************************
% W tym pliku powinny znaleŸæ siê pozycje bibliograficzne
% ***********************************************************

@BOOK{book:ECMA-335,
    AUTHOR       = "ECMA International",
    TITLE        = "Common Language Infrastructure (CLI) Partitions I to VI",
    PUBLISHER    = "ECMA International",
    YEAR         = "2010",
    VOLUME       = "",
    SERIES       = "",
    ADDRESS      = "",
    EDITION      = "5TH"
}

@MISC{website:astudillo,
      author = {Astudillo, Manuel},
      title = "C++ Gold Parser Engine",
      note = {\\\url{https://github.com/manast/cpp-gpengine}}
}

@MISC{website:gold-parser,
      author = "DevinCook.com",
      title = "GOLD Parsing System. A Free, Multi-Programming Language, Parser",
      note = {\\\url{http://www.devincook.com/goldparser/}}
}

@MISC{website:linfu,
      author = "Laureano, Philip",
      title = "LinFu",
      note = {\\\url{https://www.ohloh.net/p/linfu}}
}

@MISC{website:com,
      author = "Microsoft",
      title = "Component Object Model",
      note = {\\\url{http://msdn.microsoft.com/en-us/library/aa286559.aspx}}
}

@MISC{website:metadataapi,
      author = "Microsoft",
      title = "Metadata (Unmanaged API Reference)",
      note = {\\\url{http://msdn.microsoft.com/en-us/library/ms404384.aspx}}
}

@MISC{website:profilingapi,
      author = "Microsoft",
      title = "Profiling (Unmanaged API Reference)",
      note = {\\\url{http://msdn.microsoft.com/en-us/library/ms404386.aspx}}
}

@MISC{website:codecontracts,
      author = "Microsoft",
      title = "DevLabs: Code Contracts",
      note = {\\\url{http://msdn.microsoft.com/en-us/devlabs/dd491992}}
}




% ********** Koniec bibliografii **********
