% ********** Bibliografia **********

% ***********************************************************
% W tym pliku powinny znaleŸæ siê pozycje bibliograficzne
% ***********************************************************

@BOOK{ECMA-335,
    AUTHOR       = "ECMA International",
    TITLE        = "Common Language Infrastructure (CLI) Partitions I to VI",
    PUBLISHER    = "ECMA International",
    YEAR         = "2004",
    VOLUME       = "",
    SERIES       = "",
    ADDRESS      = "",
    EDITION      = "4TH",
    MONTH        = "",
    NOTE         = ""
}

% ********** Koniec bibliografii **********
